<?xml version="1.0" encoding="UTF-8"?><collection xmlns="http://www.loc.gov/MARC21/slim"><record><leader>00334nam--2200121-i-4500</leader><controlfield tag="001">000038829</controlfield><controlfield tag="002">20161230</controlfield><controlfield tag="005">20161230201042</controlfield><controlfield tag="008">060222s1000------------r-----000-0-eng-d</controlfield><datafield ind1=" " ind2=" " tag="080"><subfield code="a">061.62(569.3):621.039:001.891</subfield></datafield><datafield ind1=" " ind2=" " tag="245"><subfield code="a">Research laboratories. annual report 1990</subfield></datafield><datafield ind1=" " ind2=" " tag="260"><subfield code="a">Tel-aviv, Israel Atomic Energy Commission,</subfield></datafield><datafield ind1=" " ind2=" " tag="852"><subfield code="a">10626</subfield></datafield></record></collection>